%% This BibTeX bibliography file was created using BibDesk.
%% http://bibdesk.sourceforge.net/


%% Created for Edo Liberty at 2014-11-17 16:26:13 -0500 


%% Saved with string encoding Unicode (UTF-8) 



@misc{UCIdata,
	Author = {K. Bache and M. Lichman},
	Date-Added = {2014-11-17 21:25:59 +0000},
	Date-Modified = {2014-11-17 21:26:13 +0000},
	Institution = {University of California, Irvine, School of Information and Computer Sciences},
	Title = {{UCI} Machine Learning Repository},
	Url = {http://archive.ics.uci.edu/ml},
	Year = {2013},
	Bdsk-Url-1 = {http://archive.ics.uci.edu/ml}}

@inproceedings{ijcnn1,
	Author = {Chih-Chung Chang and Chih-Jen Lin},
	Booktitle = {Neural Networks, 2001. Proceedings. IJCNN '01. International Joint Conference on},
	Date-Added = {2014-11-17 20:43:59 +0000},
	Date-Modified = {2014-11-17 20:44:07 +0000},
	Doi = {10.1109/IJCNN.2001.939502},
	Issn = {1098-7576},
	Keywords = {decoding;generalisation (artificial intelligence);learning (artificial intelligence);learning automata;optimisation;statistical analysis;generalization;learning technique;optimisation;pattern classification;regression;support vector machine;text decoding;time series;Computer science;Decoding;Error correction;Length measurement;Machine learning;Risk management;Support vector machine classification;Support vector machines;Training data},
	Pages = {1031-1036 vol.2},
	Title = {IJCNN 2001 challenge: generalization ability and text decoding},
	Volume = {2},
	Year = {2001},
	Bdsk-Url-1 = {http://dx.doi.org/10.1109/IJCNN.2001.939502}}

@url{libsvmData,
	Author = {Rong-En Fan},
	Date-Added = {2014-11-17 20:39:03 +0000},
	Date-Modified = {2014-11-17 20:41:24 +0000},
	Title = {LIBSVM Data: Classification, Regression, and Multi-label. http://www.csie.ntu.edu.tw/~cjlin/libsvmtools/datasets/}}

@article{20news,
	Acmid = {1088684},
	Author = {Keerthi, S. Sathiya and DeCoste, Dennis},
	Date-Added = {2014-11-17 20:36:29 +0000},
	Date-Modified = {2014-11-17 20:36:48 +0000},
	Issn = {1532-4435},
	Issue_Date = {12/1/2005},
	Journal = {J. Mach. Learn. Res.},
	Month = dec,
	Numpages = {21},
	Pages = {341--361},
	Publisher = {JMLR.org},
	Title = {A Modified Finite Newton Method for Fast Solution of Large Scale Linear SVMs},
	Url = {http://dl.acm.org/citation.cfm?id=1046920.1088684},
	Volume = {6},
	Year = {2005},
	Bdsk-Url-1 = {http://dl.acm.org/citation.cfm?id=1046920.1088684}}

@inproceedings{CoatesNL11,
	Author = {Adam Coates and Andrew Y. Ng and Honglak Lee},
	Bibsource = {DBLP, http://dblp.uni-trier.de},
	Booktitle = {AISTATS},
	Crossref = {DBLP:conf/aistats/2011},
	Date-Added = {2014-09-01 00:27:48 +0000},
	Date-Modified = {2014-09-01 00:28:01 +0000},
	Ee = {http://www.jmlr.org/proceedings/papers/v15/coates11a/coates11a.pdf},
	Pages = {215-223},
	Title = {An Analysis of Single-Layer Networks in Unsupervised Feature Learning},
	Year = {2011}}

@proceedings{DBLP:conf/aistats/2011,
	Bibsource = {DBLP, http://dblp.uni-trier.de},
	Booktitle = {AISTATS},
	Date-Added = {2014-09-01 00:27:48 +0000},
	Date-Modified = {2014-09-01 00:27:48 +0000},
	Editor = {Geoffrey J. Gordon and David B. Dunson and Miroslav Dud\'{\i}k},
	Ee = {http://jmlr.org/proceedings/papers/v15/},
	Publisher = {JMLR.org},
	Series = {JMLR Proceedings},
	Title = {Proceedings of the Fourteenth International Conference on Artificial Intelligence and Statistics, AISTATS 2011, Fort Lauderdale, USA, April 11-13, 2011},
	Volume = {15},
	Year = {2011}}

@incollection{Coates:2012aa,
	Author = {Coates, Adam and Ng, AndrewY.},
	Booktitle = {Neural Networks: Tricks of the Trade},
	Date-Added = {2014-09-01 00:19:03 +0000},
	Date-Modified = {2014-09-01 00:19:11 +0000},
	Doi = {10.1007/978-3-642-35289-8_30},
	Editor = {Montavon, Gr{\'e}goire and Orr, Genevi{\`e}veB. and M{\"u}ller, Klaus-Robert},
	Isbn = {978-3-642-35288-1},
	Language = {English},
	Pages = {561-580},
	Publisher = {Springer Berlin Heidelberg},
	Series = {Lecture Notes in Computer Science},
	Title = {Learning Feature Representations with K-Means},
	Url = {http://dx.doi.org/10.1007/978-3-642-35289-8_30},
	Volume = {7700},
	Year = {2012},
	Bdsk-Url-1 = {http://dx.doi.org/10.1007/978-3-642-35289-8_30}}

@book{drezner2004facility,
	Author = {Drezner, Z. and Hamacher, H.W.},
	Date-Added = {2014-06-21 20:18:30 +0000},
	Date-Modified = {2014-06-21 20:18:30 +0000},
	Isbn = {9783540213451},
	Lccn = {2001054996},
	Publisher = {Springer},
	Series = {Springer series in operations research},
	Title = {Facility Location: Applications and Theory},
	Url = {http://books.google.com/books?id=sxpcsGN7K1YC},
	Year = {2004},
	Bdsk-Url-1 = {http://books.google.com/books?id=sxpcsGN7K1YC}}

@misc{Vygen05,
	Author = {Jens Vygen},
	Date-Added = {2014-06-21 20:09:41 +0000},
	Date-Modified = {2014-06-21 20:25:52 +0000},
	Howpublished = {Lecture Notes, Technical Report No. 05950},
	Title = {Approximation Algorithms for Facility Location Problems},
	Year = {2005}}

@inproceedings{Meyerson01,
	Author = {Adam Meyerson},
	Bibsource = {DBLP, http://dblp.uni-trier.de},
	Booktitle = {FOCS},
	Crossref = {DBLP:conf/focs/2001},
	Date-Added = {2014-06-21 20:08:50 +0000},
	Date-Modified = {2014-06-21 20:08:59 +0000},
	Ee = {http://doi.ieeecomputersociety.org/10.1109/SFCS.2001.959917},
	Pages = {426-431},
	Title = {Online Facility Location},
	Year = {2001}}

@proceedings{DBLP:conf/focs/2001,
	Bibsource = {DBLP, http://dblp.uni-trier.de},
	Booktitle = {FOCS},
	Date-Added = {2014-06-21 20:08:50 +0000},
	Date-Modified = {2014-06-21 20:08:50 +0000},
	Isbn = {0-7695-1390-5},
	Publisher = {IEEE Computer Society},
	Title = {42nd Annual Symposium on Foundations of Computer Science, FOCS 2001, 14-17 October 2001, Las Vegas, Nevada, USA},
	Year = {2001}}

@article{Lloyd82,
	Acmid = {2269955},
	Address = {Piscataway, NJ, USA},
	Author = {Lloyd, S.},
	Date-Added = {2014-06-21 20:08:03 +0000},
	Date-Modified = {2014-06-21 20:26:35 +0000},
	Doi = {10.1109/TIT.1982.1056489},
	Issn = {0018-9448},
	Issue_Date = {March 1982},
	Journal = {IEEE Trans. Inf. Theor.},
	Month = sep,
	Number = {2},
	Numpages = {9},
	Pages = {129--137},
	Publisher = {IEEE Press},
	Title = {Least Squares Quantization in PCM},
	Url = {http://dx.doi.org/10.1109/TIT.1982.1056489},
	Volume = {28},
	Year = {2006},
	Bdsk-Url-1 = {http://dx.doi.org/10.1109/TIT.1982.1056489}}

@inproceedings{KanungoMNPSW02,
	Author = {Tapas Kanungo and David M. Mount and Nathan S. Netanyahu and Christine D. Piatko and Ruth Silverman and Angela Y. Wu},
	Bibsource = {DBLP, http://dblp.uni-trier.de},
	Booktitle = {Symposium on Computational Geometry},
	Date-Added = {2014-06-21 20:04:48 +0000},
	Date-Modified = {2014-06-21 20:05:31 +0000},
	Ee = {http://doi.acm.org/10.1145/513400.513402},
	Pages = {10-18},
	Title = {A local search approximation algorithm for k-means clustering},
	Year = {2002}}

@article{Fotakis11,
	Author = {Dimitris Fotakis},
	Bibsource = {DBLP, http://dblp.uni-trier.de},
	Date-Added = {2014-06-21 20:03:38 +0000},
	Date-Modified = {2014-06-21 20:03:45 +0000},
	Ee = {http://doi.acm.org/10.1145/1959045.1959065},
	Journal = {SIGACT News},
	Number = {1},
	Pages = {97-131},
	Title = {Online and incremental algorithms for facility location},
	Volume = {42},
	Year = {2011}}

@article{Fotakis08,
	Author = {Dimitris Fotakis},
	Bibsource = {DBLP, http://dblp.uni-trier.de},
	Date-Added = {2014-06-21 20:02:55 +0000},
	Date-Modified = {2014-06-21 20:03:01 +0000},
	Ee = {http://dx.doi.org/10.1007/s00453-007-9049-y},
	Journal = {Algorithmica},
	Number = {1},
	Pages = {1-57},
	Title = {On the Competitive Ratio for Online Facility Location},
	Volume = {50},
	Year = {2008}}

@misc{DasguptaCSE291,
	Author = {Sanjoy Dasgupta},
	Date-Added = {2014-06-21 19:58:46 +0000},
	Date-Modified = {2014-06-21 20:02:07 +0000},
	Howpublished = {Class Notes CSE 291},
	Title = {Topics in unsupervised learning},
	Url = {http://ww.cse.uvsd.edu/~dasgupta/291/lec6.pdf},
	Volume = {Lecture 6: Clustering in an online /streaming setting},
	Bdsk-Url-1 = {http://ww.cse.uvsd.edu/~dasgupta/291/lec6.pdf}}

@inproceedings{ChoromanskaM12,
	Author = {Anna Choromanska and Claire Monteleoni},
	Bibsource = {DBLP, http://dblp.uni-trier.de},
	Booktitle = {AISTATS},
	Crossref = {DBLP:conf/aistats/2012},
	Date-Added = {2014-06-21 19:57:41 +0000},
	Date-Modified = {2014-06-21 19:57:49 +0000},
	Ee = {http://jmlr.csail.mit.edu/proceedings/papers/v22/choromanska12.html},
	Pages = {227-235},
	Title = {Online Clustering with Experts},
	Year = {2012}}

@proceedings{DBLP:conf/aistats/2012,
	Bibsource = {DBLP, http://dblp.uni-trier.de},
	Booktitle = {AISTATS},
	Date-Added = {2014-06-21 19:57:41 +0000},
	Date-Modified = {2014-06-21 19:57:41 +0000},
	Editor = {Neil D. Lawrence and Mark Girolami},
	Ee = {http://jmlr.org/proceedings/papers/v22/},
	Publisher = {JMLR.org},
	Series = {JMLR Proceedings},
	Title = {Proceedings of the Fifteenth International Conference on Artificial Intelligence and Statistics, AISTATS 2012, La Palma, Canary Islands, April 21-23, 2012},
	Volume = {22},
	Year = {2012}}

@book{DreznerHamacher02,
	Address = {Berlin},
	Author = {Drezner, Z. and Hamacher, H.},
	Citeulike-Article-Id = {1615153},
	Date-Added = {2014-06-21 19:56:36 +0000},
	Date-Modified = {2014-06-21 19:56:36 +0000},
	Keywords = {bibtex-import},
	Posted-At = {2007-09-03 04:57:45},
	Priority = {2},
	Publisher = {Springer},
	Title = {{Facility location. Applications and Theory}},
	Year = {2002}}

@article{OstrovskyRSS12,
	Author = {Rafail Ostrovsky and Yuval Rabani and Leonard J. Schulman and Chaitanya Swamy},
	Bibsource = {DBLP, http://dblp.uni-trier.de},
	Ee = {http://doi.acm.org/10.1145/2395116.2395117},
	Journal = {J. ACM},
	Number = {6},
	Pages = {28},
	Title = {The effectiveness of lloyd-type methods for the k-means problem},
	Volume = {59},
	Year = {2012}}

@inproceedings{AilonJM09,
	Author = {Nir Ailon and Ragesh Jaiswal and Claire Monteleoni},
	Bibsource = {DBLP, http://dblp.uni-trier.de},
	Booktitle = {NIPS},
	Crossref = {DBLP:conf/nips/2009},
	Ee = {http://books.nips.cc/papers/files/nips22/NIPS2009_1085.pdf},
	Pages = {10-18},
	Title = {Streaming k-means approximation},
	Year = {2009}}

@proceedings{DBLP:conf/nips/2009,
	Bibsource = {DBLP, http://dblp.uni-trier.de},
	Booktitle = {NIPS},
	Editor = {Yoshua Bengio and Dale Schuurmans and John D. Lafferty and Christopher K. I. Williams and Aron Culotta},
	Isbn = {9781615679119},
	Publisher = {Curran Associates, Inc.},
	Title = {Advances in Neural Information Processing Systems 22: 23rd Annual Conference on Neural Information Processing Systems 2009. Proceedings of a meeting held 7-10 December 2009, Vancouver, British Columbia, Canada},
	Year = {2009}}

@article{AnagnostopoulosBUH04,
	Author = {Aris Anagnostopoulos and Russell Bent and Eli Upfal and Pascal Van Hentenryck},
	Bibsource = {DBLP, http://dblp.uni-trier.de},
	Ee = {http://dx.doi.org/10.1016/j.ic.2004.06.002},
	Journal = {Inf. Comput.},
	Number = {2},
	Pages = {175-202},
	Title = {A simple and deterministic competitive algorithm for online facility location},
	Volume = {194},
	Year = {2004}}

@inproceedings{ArthurV07,
	Author = {David Arthur and Sergei Vassilvitskii},
	Bibsource = {DBLP, http://dblp.uni-trier.de},
	Booktitle = {SODA},
	Crossref = {DBLP:conf/soda/2007},
	Ee = {http://dl.acm.org/citation.cfm?id=1283383.1283494},
	Pages = {1027-1035},
	Title = {k-means++: the advantages of careful seeding},
	Year = {2007}}

@proceedings{DBLP:conf/soda/2007,
	Bibsource = {DBLP, http://dblp.uni-trier.de},
	Booktitle = {SODA},
	Editor = {Nikhil Bansal and Kirk Pruhs and Clifford Stein},
	Ee = {http://dl.acm.org/citation.cfm?id=1283383},
	Isbn = {978-0-898716-24-5},
	Publisher = {SIAM},
	Title = {Proceedings of the Eighteenth Annual ACM-SIAM Symposium on Discrete Algorithms, SODA 2007, New Orleans, Louisiana, USA, January 7-9, 2007},
	Year = {2007}}

@article{AryaGKMMP04,
	Author = {Vijay Arya and Naveen Garg and Rohit Khandekar and Adam Meyerson and Kamesh Munagala and Vinayaka Pandit},
	Bibsource = {DBLP, http://dblp.uni-trier.de},
	Ee = {http://dx.doi.org/10.1137/S0097539702416402},
	Journal = {SIAM J. Comput.},
	Number = {3},
	Pages = {544-562},
	Title = {Local Search Heuristics for k-Median and Facility Location Problems},
	Volume = {33},
	Year = {2004}}
